<?xml version="1.0" encoding="UTF-8"?><collection xmlns:marcxml="http://www.loc.gov/MARC21/slim">
    <record>
        <leader>01302cas a2200361 a 4500</leader>
        <controlfield tag="001">202304</controlfield>
        <controlfield tag="005">20160526232735.0</controlfield>
        <controlfield tag="008">830323c19819999iluqx p   gv  0    0eng d</controlfield>
        <datafield tag="010" ind1=" " ind2=" ">
            <subfield code="a">   82640039  </subfield>
            <subfield code="z">   81640039 </subfield>
            <subfield code="z">sn 81001329 </subfield>
        </datafield>
        <datafield tag="022" ind1="0" ind2=" ">
            <subfield code="a">0276-9948</subfield>
        </datafield>
        <datafield tag="035" ind1=" " ind2=" ">
            <subfield code="a">(OCoLC)7466281</subfield>
        </datafield>
        <datafield tag="035" ind1=" " ind2=" ">
            <subfield code="a">(CStRLIN)NJPG83-S372</subfield>
        </datafield>
        <datafield tag="035" ind1=" " ind2=" ">
            <subfield code="9">ABB7255TS</subfield>
        </datafield>
        <datafield tag="040" ind1=" " ind2=" ">
            <subfield code="a">NSDP</subfield>
            <subfield code="d">NjP</subfield>
        </datafield>
        <datafield tag="042" ind1=" " ind2=" ">
            <subfield code="a">nsdp</subfield>
            <subfield code="a">lc</subfield>
        </datafield>
        <datafield tag="043" ind1=" " ind2=" ">
            <subfield code="a">n-us-il</subfield>
        </datafield>
        <datafield tag="050" ind1="0" ind2="0">
            <subfield code="a">K25</subfield>
            <subfield code="b">.N63</subfield>
        </datafield>
        <datafield tag="222" ind1=" " ind2="0">
            <subfield code="a">University of Illinois law review</subfield>
        </datafield>
        <datafield tag="245" ind1="0" ind2="0">
            <subfield code="a">University of Illinois law review.</subfield>
        </datafield>
        <datafield tag="246" ind1="3" ind2="0">
            <subfield code="a">Law review</subfield>
        </datafield>
        <datafield tag="260" ind1=" " ind2=" ">
            <subfield code="a">Champaign, IL :</subfield>
            <subfield code="b">University of Illinois at Urbana-Champaign, College of Law,</subfield>
            <subfield code="c">c1981-</subfield>
        </datafield>
        <datafield tag="300" ind1=" " ind2=" ">
            <subfield code="a">v. ;</subfield>
            <subfield code="c">27 cm.</subfield>
        </datafield>
        <datafield tag="310" ind1=" " ind2=" ">
            <subfield code="a">5 times a year,</subfield>
            <subfield code="b">2001-&lt;2013&gt;</subfield>
        </datafield>
        <datafield tag="321" ind1=" " ind2=" ">
            <subfield code="a">Quarterly,</subfield>
            <subfield code="b">1981-2000</subfield>
        </datafield>
        <datafield tag="362" ind1="0" ind2=" ">
            <subfield code="a">Vol. 1981, no. 1-</subfield>
        </datafield>
        <datafield tag="588" ind1=" " ind2=" ">
            <subfield code="a">Title from cover.</subfield>
        </datafield>
        <datafield tag="588" ind1=" " ind2=" ">
            <subfield code="a">Latest issue consulted: Vol. 2013, no. 5.</subfield>
        </datafield>
        <datafield tag="650" ind1=" " ind2="0">
            <subfield code="a">Law reviews</subfield>
            <subfield code="z">Illinois.</subfield>
            <subfield code="0">(uri)http://id.loc.gov/authorities/subjects/sh2009129243</subfield>
        </datafield>
        <datafield tag="710" ind1="2" ind2=" ">
            <subfield code="a">University of Illinois at Urbana-Champaign.</subfield>
            <subfield code="b">College of Law.</subfield>
            <subfield code="0">(uri)http://id.loc.gov/authorities/names/n50049213</subfield>
        </datafield>
        <datafield tag="780" ind1="0" ind2="0">
            <subfield code="t">University of Illinois law forum</subfield>
            <subfield code="x">0041-963X</subfield>
        </datafield>
        <datafield tag="998" ind1=" " ind2=" ">
            <subfield code="a">09/09/94</subfield>
            <subfield code="s">9110</subfield>
            <subfield code="n">NjP</subfield>
            <subfield code="w">DCLC82640039S</subfield>
            <subfield code="d">03/23/83</subfield>
            <subfield code="c">DLJ</subfield>
            <subfield code="b">SZF</subfield>
            <subfield code="i">940909</subfield>
            <subfield code="l">NJPG</subfield>
        </datafield>
        <datafield tag="911" ind1=" " ind2=" ">
            <subfield code="a">19940916</subfield>
        </datafield>
        <datafield tag="912" ind1=" " ind2=" ">
            <subfield code="a">19970731060735.0</subfield>
        </datafield>
        <datafield tag="866" ind1=" " ind2="0">
            <subfield code="0">222420</subfield>
            <subfield code="a">Vol. 1981, no. 1-v. 2013, no. 5</subfield>
        </datafield>
        <datafield tag="866" ind1=" " ind2="0">
            <subfield code="0">222420</subfield>
            <subfield code="z">LACKS: 2012, no. 1</subfield>
        </datafield>
        <datafield tag="866" ind1=" " ind2="0">
            <subfield code="0">222420</subfield>
            <subfield code="x">DESIGNATOR: year, no.</subfield>
        </datafield>
        <datafield tag="866" ind1=" " ind2="0">
            <subfield code="0">222420</subfield>
            <subfield code="z">Subscription cancelled with the last issue of 2013</subfield>
        </datafield>
        <datafield tag="959" ind1=" " ind2=" ">
            <subfield code="a">2000-06-13 00:00:00 -0500</subfield>
        </datafield>
    </record>
</collection>
